
@article{Vanneste_21,
  title = {Vortex Dynamics on a {{M\"obius}} Strip},
  author = {Vanneste, Jacques},
  year = {2021},
  month = sep,
  journal = {Journal of Fluid Mechanics},
  volume = {923},
  publisher = {{Cambridge University Press}},
  issn = {0022-1120, 1469-7645},
  doi = {10.1017/jfm.2021.581},
  langid = {english}
}

@unpublished{Caspar-CohenEtAl_21,
  type = {Preprint},
  title = {Characterization of Internal Tide Non-Stationarity : {{Eulerian}} versus {{Lagrangian}} Perspectives},
  shorttitle = {Characterization of Internal Tide Non-Stationarity},
  author = {{Caspar-Cohen}, Zo{\'e} and Ponte, Aur{\'e}lien and Lahaye, No{\'e} and Carton, Xavier and Yu, Xiaolong and Gentil, Sylvie Le},
  year = {2021},
  month = mar,
  publisher = {{Earth and Space Science Open Archive}},
  doi = {10.1002/essoar.10506946.1},
  chapter = {Oceanography},
  copyright = {ESSOAr Non-Exclusionary License},
  langid = {english}
}

@misc{cisl_rda_ds633.3,
  title = {{{ERA5}} Modes of Interannual Variability},
  author = {Stepaniak, David P. and Shih, Chi-Fan},
  year = {2020},
  publisher = {{Research Data Archive at the National Center for Atmospheric Research, Computational and Information Systems Laboratory}},
  address = {{Boulder CO}}
}

@inproceedings{Diamantakis_14,
  title = {The Semi-{{Lagrangian}} Technique in Atmospheric Modelling: Current Status and Future Challenges},
  booktitle = {Seminar on {{Recent Developments}} in {{Numerical Methods}} for {{Atmosphere}} and {{Ocean Modelling}}, 2-5 {{September}} 2013},
  author = {Diamantakis, Michail},
  year = {2014},
  pages = {183--200},
  publisher = {{ECMWF}},
  address = {{Shinfield Park, Reading}},
  annotation = {Backup Publisher: ECMWF}
}

@article{DuklerEtAl_20,
  title = {Theory for Undercompressive Shocks in Tears of Wine},
  author = {Dukler, Yonatan and Ji, Hangjie and Falcon, Claudia and Bertozzi, Andrea L.},
  year = {2020},
  month = mar,
  journal = {Physical Review Fluids},
  volume = {5},
  number = {3},
  pages = {34002},
  publisher = {{American Physical Society}},
  issn = {2469990X},
  doi = {10.1103/PhysRevFluids.5.034002}
}

@incollection{GulaEtAl_22a,
  title = {Chapter 8 - {{Submesoscale}} Processes and Mixing},
  booktitle = {Ocean {{Mixing}}},
  author = {Gula, Jonathan and Taylor, John and Shcherbina, Andrey and Mahadevan, Amala},
  editor = {Meredith, Michael and Naveira Garabato, Alberto},
  year = {2022},
  month = jan,
  pages = {181--214},
  publisher = {{Elsevier}},
  doi = {10.1016/B978-0-12-821512-8.00015-3},
  isbn = {978-0-12-821512-8},
  langid = {english}
}

@misc{PhysicsGirl_19,
  title = {Most {{People Don}}'t {{Know Wine Moves Like This}} | {{EVERYDAY MYSTERY}}},
  author = {{Physics Girl}},
  year = {2019},
  month = oct
}

@phdthesis{Shakespeare_15,
  type = {Thesis},
  title = {On the Generation of Waves during Frontogenesis},
  author = {Shakespeare, Callum},
  year = {2015},
  month = jun,
  doi = {10.17863/CAM.16142},
  copyright = {CC0 1.0 Universal},
  langid = {english},
  school = {University of Cambridge},
  annotation = {Accepted: 2015-07-23T16:15:16Z}
}

@misc{Shakespeare_21,
  title = {Lagrangian {{Filtering}}: {{A}} Novel Method for Separating Internal Waves from Non-Wave Flows in High-Resolution Simulations},
  shorttitle = {Lagrangian {{Filtering}}},
  author = {Shakespeare, Callum J.},
  year = {2021},
  month = may,
  collaborator = {Gibson, Angus H. and Hogg, Andrew McC. and Keating, Shane Richard and Bachman, Scott Daniel and Velzeboer, Nick},
  langid = {english}
}

@patent{TERANEtAl_18,
  title = {Computerized Rendering of Objects Having Anisotropic Elastoplasticity for Codimensional Frictional Contact},
  author = {TERAN, Joseph M. and JIANG, Chenfanfu and GAST, Theodore F.},
  year = {2018},
  month = nov,
  number = {WO2018213607A1},
  assignee = {The Regents Of The University Of California},
  langid = {english},
  nationality = {WO}
}



